{"leader":"04116cz  a2200709n  4500","fields":[{"001":"254498"},{"005":"20120627103516.0"},{"008":"050422n||ac|nnaaba          |n aaa      "},{"035":{"subfields":[{"a":"http:\/\/dbpedia.org\/resource\/Selma_Lagerl%C3%B6f"}],"ind2":" ","ind1":" "}},{"035":{"subfields":[{"a":"(LIBRIS)A000038591"}],"ind2":" ","ind1":" "}},{"040":{"subfields":[{"a":"S"},{"b":"swe"}],"ind2":" ","ind1":" "}},{"043":{"subfields":[{"a":"sw"}],"ind2":" ","ind1":" "}},{"083":{"subfields":[{"a":"839.7372"},{"2":"23\/swe"}],"ind2":"4","ind1":"0"}},{"100":{"subfields":[{"a":"Lagerlöf, Selma,"},{"d":"1858-1940"}],"ind2":" ","ind1":"1"}},{"400":{"subfields":[{"a":"Lagerlöf, Selma Ottiliana Lovisa,"},{"d":"1858-1940"}],"ind2":" ","ind1":"1"}},{"400":{"subfields":[{"a":"Lagerlʹof, Selma,"},{"d":"1858-1940"}],"ind2":" ","ind1":"1"}},{"400":{"subfields":[{"a":"Lagerlef, Selma,"},{"d":"1858-1940"}],"ind2":" ","ind1":"1"}},{"400":{"subfields":[{"a":"Lagerlœf, Selma,"},{"d":"1858-1940"}],"ind2":" ","ind1":"1"}},{"400":{"subfields":[{"a":"Lagerloef, Selma,"},{"d":"1858-1940"}],"ind2":" ","ind1":"1"}},{"400":{"subfields":[{"a":"Lankerleph, Selma,"},{"d":"1858-1940"}],"ind2":" ","ind1":"1"}},{"400":{"subfields":[{"a":"Lagerlef, Zelma,"},{"d":"1858-1940"}],"ind2":" ","ind1":"1"}},{"400":{"subfields":[{"a":"Laherlef, Sel'ma,"},{"d":"1858-1940"}],"ind2":" ","ind1":"1"}},{"400":{"subfields":[{"a":"Lāgharlūf, Salmá,"},{"d":"1858-1940"}],"ind2":" ","ind1":"1"}},{"400":{"subfields":[{"a":"Lāgirlūv, Silmā,"},{"d":"1858-1940"}],"ind2":" ","ind1":"1"}},{"400":{"subfields":[{"a":"Lagærlæp, Sælmăh,"},{"d":"1858-1940"}],"ind2":" ","ind1":"1"}},{"400":{"subfields":[{"a":"Layerlop, Xelma,"},{"d":"1858-1940"}],"ind2":" ","ind1":"1"}},{"400":{"subfields":[{"a":"Lāgerlēva, Selma,"},{"d":"1858-1940"}],"ind2":" ","ind1":"1"}},{"400":{"subfields":[{"a":"Lagerlefa, Selma,"},{"d":"1858-1940"}],"ind2":" ","ind1":"1"}},{"400":{"subfields":[{"a":"Lagerlöfové, Selmy,"},{"d":"1858-1940"}],"ind2":" ","ind1":"1"}},{"400":{"subfields":[{"a":"Lagerlöfová, Selma,"},{"d":"1858-1940"}],"ind2":" ","ind1":"1"}},{"400":{"subfields":[{"a":"Lageluofu, Saierma,"},{"d":"1858-1940"}],"ind2":" ","ind1":"1"}},{"400":{"subfields":[{"a":"Rāgerurēvu, Seruma,"},{"d":"1858-1940"}],"ind2":" ","ind1":"1"}},{"400":{"subfields":[{"a":"Ragerurefu, Seruma,"},{"d":"1858-1940"}],"ind2":" ","ind1":"1"}},{"400":{"subfields":[{"a":"Ragerureefu, Seruma,"},{"d":"1858-1940"}],"ind2":" ","ind1":"1"}},{"667":{"subfields":[{"a":"Uppdaterat. 2012-06-27. S\/NB\/evaabr"}],"ind2":" ","ind1":" "}},{"670":{"subfields":[{"a":"NE"}],"ind2":" ","ind1":" "}},{"670":{"subfields":[{"a":"VIAF (2012-06-27)"}],"ind2":" ","ind1":" "}},{"670":{"subfields":[{"a":"Lagerlöf, Selma. Jerusalem, 1901-1902:"},{"b":"t.p. (Selma Lagerlöf)"}],"ind2":" ","ind1":" "}},{"670":{"subfields":[{"a":"Niersi qi e li xian ji. 1 \/  Lageluofu Saierma, zhu ; Shi Qin'e, yi, 2006"}],"ind2":" ","ind1":" "}},{"670":{"subfields":[{"a":"Gēstas Berlinga sāga \/ Selma Lāgerlēva ; no zviedru valodas tulkojusi Elija Kliene, 2006"}],"ind2":" ","ind1":" "}},{"670":{"subfields":[{"a":"Selma Lagerlœf :"},{"b":"Selma Lankerleph : meletē, 1958"}],"ind2":" ","ind1":" "}},{"670":{"subfields":[{"a":"Gesuta Beruringe \/ Seruma Ragerureefu saku ; [övers. i sammandrag av Yaeko Nogami], 1921"}],"ind2":" ","ind1":" "}},{"670":{"subfields":[{"a":"Pluimpje :"},{"b":"Toonselspel in 3 bedrijven naar een novelle van Selma Lagerloef ; Met de toestemming van de schrijfster bewerkt, 1924"}],"ind2":" ","ind1":" "}},{"670":{"subfields":[{"a":"Cuôc lu hanh ky diêu cua Nilx Hôlyerxôn vong quanh nuoc Thuy Diên. Tâp 1. \/  Xelma Layerlop ; Hoang Thiêu Son, dich, gioi thiêu va chu thich, 2003"}],"ind2":" ","ind1":" "}},{"670":{"subfields":[{"a":"E-ru-sa-re-mu \/ Seruma Ragerurefu saku ; Maeda Akira yaku, 1942"}],"ind2":" ","ind1":" "}},{"670":{"subfields":[{"a":"Kiyoshi konoyoru \/ Seruma Rāgerurēvu saku ; Dominiku Rukurēru e ; Nakamura Taeko yaku, 1992"}],"ind2":" ","ind1":" "}},{"670":{"subfields":[{"a":"Dalarnes meita :"},{"b":"romans \/ Zelma Lagerlef ; no zviedru valodas tulkojusi L. Skalbe, 1920"}],"ind2":" ","ind1":" "}},{"670":{"subfields":[{"a":"Carot od Portugalija \/ Selma Lagerlef ; prevod od švedski jazik  Ivica Čelikoviḱ, 2005"}],"ind2":" ","ind1":" "}},{"670":{"subfields":[{"a":"Čudnoto pătuvane na Nils Cholgerson \/ Selma Lagerlʹof ; prevede ot švedski Stojan Kajnarov ; iljustracii Bertil Ljubek, 1980"}],"ind2":" ","ind1":" "}},{"670":{"subfields":[{"a":"Al-badīl \/ Salmá Lāgharlūf, taʼlīf ; May Fagharbayragh, rusūm ; Sukaynah Ibrahīm, al-naṣṣ al-ʼarabīy bi-qalam, 1998"}],"ind2":" ","ind1":" "}},{"670":{"subfields":[{"a":"Āshuftigān-i shīftah \/ nivishtah-ʾi Silmā Lāgirlūv ; tarjamah-yi Parviz-i Dāryūsh, 1987"}],"ind2":" ","ind1":" "}},{"670":{"subfields":[{"a":"Arnes kunga manta \/ Selma Lagerlefa ; tulk. Aleksandrs Sehja, 1935"}],"ind2":" ","ind1":" "}},{"670":{"subfields":[{"a":"ʻAgādôt wisipûrîm \/ Sælmăh Lagærlæp ; ʼibrît: J. Liktænbom, 1963"}],"ind2":" ","ind1":" "}},{"670":{"subfields":[{"a":"Antikristovy zázraky :"},{"b":"roman \/ od Selmy Lagerlöfové ; ze švédského přeložil O.S. Veti, s.a."}],"ind2":" ","ind1":" "}},{"670":{"subfields":[{"a":"Anna Svärdová :"},{"b":"román \/ Selma Lagerlöfová ; [prelozil Karel V. Rypácek], 1933"}],"ind2":" ","ind1":" "}},{"670":{"subfields":[{"a":"Čudesna mandrivka Nil'sa Hol'hersona z dykymy hus'my :"},{"b":"povistʹ-kazka dlja molodšoho škilʹnoho viku \/ Sel'ma Laherlef ; skoročennyj pereklad zi švedskoï Olʹhy Senjuk, 1978"}],"ind2":" ","ind1":" "}},{"678":{"subfields":[{"a":"Skönlitterär författare, nobelpristagare 1909, första kvinnliga ledamot av Svenska akademien 1914"}],"ind2":" ","ind1":"0"}},{"856":{"subfields":[{"u":"http:\/\/sv.wikipedia.org\/wiki\/Selma_Lagerlöf"},{"z":"Wikipedia"}],"ind2":"8","ind1":"4"}},{"856":{"subfields":[{"u":"http:\/\/viaf.org\/viaf\/7392519"},{"z":"VIAF"}],"ind2":"8","ind1":"4"}},{"856":{"subfields":[{"u":"http:\/\/dbpedia.org\/resource\/Selma_Lagerlöf"},{"z":"DBPedia"}],"ind2":"8","ind1":"4"}},{"856":{"subfields":[{"u":"http:\/\/en.wikipedia.org\/wiki\/Selma_Lagerlöf"},{"z":"Wikipedia"}],"ind2":"8","ind1":"4"}},{"856":{"subfields":[{"u":"http:\/\/id.loc.gov\/authorities\/names\/n82143184"},{"z":"LC Name Authority"}],"ind2":"8","ind1":"4"}}]}
